@misc{3B1B,
    author = {3B1B (Grant Sanderson)},
    title = {Neural Network Series},
    howpublished = {Youtube},
    year = {2017},
    url = {https://www.youtube.com/watch?v=aircAruvnKk&list=PLZHQObOWTQDNU6R1_67000Dx_ZCJB-3pi&index=3},
    note = {Diese Serie und ein paar andere 3b1b Videos haben uns enorm geholfen, alles zu verstehen},
}

@misc{huggingface,
  author = {{Hugging Face}},
  title = {LLM course},
  year = {2024},
  url = {https://huggingface.co/learn/llm-course/chapter1/1},
  note = {War hilfreich für das Verständnis}
}

@misc{Python,
  author = {Andrej Karpathy},
  title = {Let's build GPT: from scratch, in code, spelled out},
  year = {2020},
  howpublished = {YouTube},
  url = {https://www.youtube.com/watch?v=kCc8FmEb1nY},
  note = {Wir haben von hier ein wenig Erfahrung mit dem Thema}
}

@misc{Repo,
  author       = {Albérique und Ruben L.},
  title        = {Halb funktionierende LM in Rust (GitHub Repository)},
  year         = {2025},
  howpublished = {GitHub},
  url          = {https://www.github.com/DaCUtePotato/lm},
  note         = {Projektcode}
}

@misc{Python2,
    author = {Sebastian Raschka},
    title = {Github Repo mit LM in Python},
    howpublished = {GitHub},
    year = {2024},
    url = {https://github.com/rasbt/LLMs-from-scratch?tab=readme-ov-file},
    note = {Inspiration},
}
